<?xml version="1.0" encoding="UTF-8"?><collection xmlns="http://www.loc.gov/MARC21/slim"><record><leader>00474nam--2200181-i-4500</leader><controlfield tag="001">000000133</controlfield><controlfield tag="002">20161230</controlfield><controlfield tag="005">20170102173649</controlfield><controlfield tag="008">060222s1000------------r-----000-0-eng-d</controlfield><datafield ind1=" " ind2=" " tag="080"><subfield code="a">621.374.3</subfield></datafield><datafield ind1=" " ind2=" " tag="100"><subfield code="a">Funke, Rainer</subfield></datafield><datafield ind1=" " ind2=" " tag="245"><subfield code="a">Grundschaltungen der elektronik</subfield></datafield><datafield ind1=" " ind2=" " tag="250"><subfield code="a">6-te, unveranderte auflage</subfield></datafield><datafield ind1=" " ind2=" " tag="260"><subfield code="a">Berlin</subfield><subfield code="b">Veb Verlag Tehnik</subfield></datafield><datafield ind1=" " ind2=" " tag="300"><subfield code="a">220 Bilder + 13 Tafeln</subfield></datafield><datafield ind1=" " ind2=" " tag="700"><subfield code="a">Liebscher, Siegfried</subfield></datafield><datafield ind1=" " ind2=" " tag="852"><subfield code="a">45848</subfield></datafield><datafield ind1=" " ind2=" " tag="CAT"><subfield code="a">SYS</subfield><subfield code="c">20170102</subfield><subfield code="h">173649</subfield></datafield></record></collection>